<record><leader>00000cas a22000007a 4500</leader><controlfield tag="001">2259593</controlfield><controlfield tag="008">760620d18341834paudn ne      0    0eng d</controlfield><datafield ind1=" " ind2=" " tag="010"><subfield code="a">sn 85054924 </subfield></datafield><datafield ind1=" " ind2=" " tag="040"><subfield code="a">PIT</subfield><subfield code="b">eng</subfield><subfield code="c">PIT</subfield><subfield code="d">NPH</subfield><subfield code="d">OCLCQ</subfield></datafield><datafield ind1=" " ind2=" " tag="042"><subfield code="a">msc</subfield></datafield><datafield ind1="0" ind2=" " tag="130"><subfield code="a">Commercial intelligencer (Philadelphia, Pa.)</subfield></datafield><datafield ind1="1" ind2="0" tag="245"><subfield code="a">Commercial intelligencer.</subfield></datafield><datafield ind1=" " ind2=" " tag="260"><subfield code="a">Philadelphia [Pa. :</subfield><subfield code="b">s.n.]</subfield></datafield><datafield ind1=" " ind2=" " tag="300"><subfield code="a">v. :</subfield><subfield code="b">ill. (chiefly advertisements) ;</subfield><subfield code="c">58 cm.</subfield></datafield><datafield ind1=" " ind2=" " tag="310"><subfield code="a">Daily (except Sunday)</subfield></datafield><datafield ind1="1" ind2=" " tag="362"><subfield code="a">Began in Feb. 1834?; ceased in Dec. 1834?</subfield></datafield><datafield ind1=" " ind2=" " tag="500"><subfield code="a">Published by Edward Conrad, &lt;Nov. 8, 1834&gt;.</subfield></datafield><datafield ind1=" " ind2=" " tag="580"><subfield code="a">Merged with: Philadelphia gazette, and universal daily advertiser to form: Philadelphia gazette and commercial intelligencer. Cf. A Checklist of Pa. newspapers.</subfield></datafield><datafield ind1=" " ind2=" " tag="588"><subfield code="a">Description based on: Feb. 14, 1834; title from publisher's statement.</subfield></datafield><datafield ind1=" " ind2=" " tag="752"><subfield code="a">United States</subfield><subfield code="b">Pennsylvania</subfield><subfield code="c">Philadelphia</subfield><subfield code="d">Philadelphia.</subfield></datafield><datafield ind1="0" ind2="0" tag="780"><subfield code="t">Intelligencer (Philadelphia, Pa.)</subfield></datafield><datafield ind1="1" ind2="7" tag="785"><subfield code="t">Philadelphia gazette, and universal daily advertiser (1833)</subfield><subfield code="w">(DLC)sn 85054364</subfield></datafield><datafield ind1="1" ind2="7" tag="785"><subfield code="t">Philadelphia gazette and commercial intelligencer</subfield><subfield code="w">(OCoLC)2266058</subfield></datafield><datafield ind1="1" ind2=" " tag="029"><subfield code="a">AU@</subfield><subfield code="b">000025802385</subfield></datafield></record>